<?xml version="1.0" encoding="UTF-8"?><collection xmlns="http://www.loc.gov/MARC21/slim"><record><leader>00356nam--2200133-i-4500</leader><controlfield tag="001">000003585</controlfield><controlfield tag="002">20161230</controlfield><controlfield tag="005">20161230201025</controlfield><controlfield tag="008">060222s1000------------r-----000-0-eng-d</controlfield><datafield ind1=" " ind2=" " tag="100"><subfield code="a">Angel, Y</subfield></datafield><datafield ind1=" " ind2=" " tag="245"><subfield code="a">Reception radiophonique. parasites</subfield></datafield><datafield ind1=" " ind2=" " tag="260"><subfield code="a">Paris, Editions Eyrolles, 1950 173 P</subfield></datafield><datafield ind1=" " ind2=" " tag="490"><subfield code="a">Collection De La Radiodiffusion Francaise</subfield></datafield><datafield ind1=" " ind2=" " tag="852"><subfield code="a">374</subfield></datafield></record></collection>